@inproceedings{twisted,
  title={Twisted edwards curves},
  author={Bernstein, Daniel J and Birkner, Peter and Joye, Marc and Lange, Tanja and Peters, Christiane},
  booktitle={Progress in Cryptology--AFRICACRYPT 2008: First International Conference on Cryptology in Africa, Casablanca, Morocco, June 11-14, 2008. Proceedings 1},
  pages={389--405},
  year={2008},
  organization={Springer}
}
@inproceedings{curve25519,
  title={Curve25519: new Diffie-Hellman speed records},
  author={Bernstein, Daniel J},
  booktitle={Public Key Cryptography-PKC 2006: 9th International Conference on Theory and Practice in Public-Key Cryptography, New York, NY, USA, April 24-26, 2006. Proceedings 9},
  pages={207--228},
  year={2006},
  organization={Springer}
}
@article{high-speed,
  title={High-speed high-security signatures},
  author={Bernstein, Daniel J and Duif, Niels and Lange, Tanja and Schwabe, Peter and Yang, Bo-Yin},
  journal={Journal of cryptographic engineering},
  volume={2},
  number={2},
  pages={77--89},
  year={2012},
  publisher={Springer}
}
@inproceedings{拡張エドワーズ座標,
  title={Twisted Edwards curves revisited},
  author={Hisil, Huseyin and Wong, Kenneth Koon-Ho and Carter, Gary and Dawson, Ed},
  booktitle={International Conference on the Theory and Application of Cryptology and Information Security},
  pages={326--343},
  year={2008},
  organization={Springer}
}
@inproceedings{schnorr,
  title={Efficient identification and signatures for smart cards},
  author={Schnorr, Claus-Peter},
  booktitle={Advances in Cryptology—CRYPTO’89 Proceedings 9},
  pages={239--252},
  year={1990},
  organization={Springer}
}
@article{future,
  title={Difference between ECDSA with ED25519 and Their Future},
  author={Luo, Yiming},
  journal={Highlights in Science, Engineering and Technology},
  volume={39},
  pages={1122--1126},
  year={2023}
}
@article{signature-speed,
  title={An Empirical Study to Demonstrate that EdDSA can be used as a Performance Improvement Alternative to ECDSA in Blockchain and IoT},
  author={Guruprakash, J and Koppu, Srinivas},
  journal={Informatica},
  volume={46},
  number={2},
  year={2022}
}
@misc{8032,
  title={RFC 8032: Edwards-curve digital signature algorithm (EdDSA)},
  author={Josefsson, Simon and Liusvaara, Ilari},
  year={2017},
  publisher={RFC Editor}
}
@misc{NIST,
  author = {National Institute of Standards and Technology},
  title = {Digital Signature Standard(DSS)},
  year = {2023},
}
@article{安田,
  title={ディジタル署名 EdDSA で使われている曲線の安全性に関する調査及び評価. CRYPTREC 外部評価報告書},
  author={安田 雅哉},
  pages={1--47},
  year={2020}
}
@inproceedings{taming,
  title={Taming the many EdDSAs},
  author={Chalkias, Konstantinos and Garillot, Fran{\c{c}}ois and Nikolaenko, Valeria},
  booktitle={Security Standardisation Research: 6th International Conference, SSR 2020, London, UK, November 30--December 1, 2020, Proceedings 6},
  pages={67--90},
  year={2020},
  organization={Springer}
}
@article{インフォーズ,
  title={ディジタル署名アルゴリズム EdDSA の実装性能調査. CRYPTREC 外部評価報告書},
  author={株式会社インフォーズ},
  pages={1--108},
  year={2021}
}
@article{藤﨑,
  title={ディジタル署名 EdDSA の構成の安全性に関する調査および評価},
  author={藤﨑 英一郎},
  journal={{CRYPTREC 外部評価報告書}},
  pages={1--39},
  year={2020}
}
@misc{rfc8446,
  author    = {E. Rescorla},
  title     = {{The Transport Layer Security (TLS) Protocol Version 1.3}},
  howpublished = {RFC 8446},
  year      = {2018},
  publisher = {IETF},
  url       = {https://tex2e.github.io/rfc-translater/html/rfc8446.html}
}
@misc{monero,
  author       = {Monero Project},
  title        = {Edwards25519},
  year         = {2025},
  url          = {https://getmonero.dev/cryptography/asymmetric/edwards25519.html},
}
@article{eddsavsecdsa,
  title={An Empirical Study to Demonstrate that EdDSA can be used as a Performance Improvement Alternative to ECDSA in Blockchain and IoT},
  author={Guruprakash, J and Koppu, Srinivas},
  journal={Informatica},
  volume={46},
  number={2},
  year={2022}
}


@article{vanet-challenge,
  title={A survey of VANET technologies},
  author={Anwer, M Shahid and Guy, Chris},
  journal={Journal of Emerging Trends in Computing and Information Sciences},
  volume={5},
  number={9},
  pages={661--671},
  year={2014},
  publisher={Citeseer}
}
@article{adhoc,
  title={A brief overview of ad hoc networks: challenges and directions},
  author={Ramanathan, Ram and Redi, Jason},
  journal={IEEE communications Magazine},
  volume={40},
  number={5},
  pages={20--22},
  year={2002},
  publisher={IEEE}
}
@article{vanet,
  title={Vehicular ad hoc networks},
  author={Wang, Yu and Li, Fan},
  journal={Guide to wireless ad hoc networks},
  pages={503--525},
  year={2009},
  publisher={Springer}
}
@article{drone,
  title={Drone-based highway-VANET and DAS service},
  author={Seliem, Hafez and Shahidi, Reza and Ahmed, Mohamed Hossam and Shehata, Mohamed S},
  journal={IEEE Access},
  volume={6},
  pages={20125--20137},
  year={2018},
  publisher={IEEE}
}
@article{vanet-security,
  title={VANET security surveys},
  author={Engoulou, Richard Gilles and Bella{\"\i}che, Martine and Pierre, Samuel and Quintero, Alejandro},
  journal={Computer Communications},
  volume={44},
  pages={1--13},
  year={2014},
  publisher={Elsevier}
}
@inproceedings{gpsr,
  title={GPSR: Greedy perimeter stateless routing for wireless networks},
  author={Karp, Brad and Kung, Hsiang-Tsung},
  booktitle={Proceedings of the 6th annual international conference on Mobile computing and networking},
  pages={243--254},
  year={2000}
}

@article{origin-ecdsa,
  title={The elliptic curve digital signature algorithm (ECDSA)},
  author={Johnson, Don and Menezes, Alfred and Vanstone, Scott},
  journal={International journal of information security},
  volume={1},
  pages={36--63},
  year={2001},
  publisher={Springer}
}

@techreport{fips186-5,
  author = {{National Institute of Standards and Technology (NIST)}},
  institution = {National Institute of Standards and Technology},
  title = {FIPS 186-5 Digital Signature Standard (DSS)},
  year = {2023}, 
  note = {Supersedes FIPS 186-4}
}

@book{edwarscurve-to-ellipticcurve,
  title={Elliptic curves: number theory and cryptography},
  author={Washington, Lawrence C},
  year={2008},
  publisher={Chapman and Hall/CRC}
}

@mastersthesis{shinato, 
  title={デジタル署名を用いたセキュアなV2Vアドホックルーティングプロトコル},
  author={階戸 弾},
  year={2024},
  school={University of Gifu}
}
@incollection{ns-3,
  title={The ns-3 network simulator},
  author={Riley, George F and Henderson, Thomas R},
  booktitle={Modeling and tools for network simulation},
  pages={15--34},
  year={2010},
  publisher={Springer}
}
@inproceedings{IEEE,
  title={A study of the IEEE802. 11p (WAVE) and LTE-V2V technologies for vehicular communication},
  author={Singh, Anjali and Singh, Brahmjit},
  booktitle={2020 International Conference on Computation, Automation and Knowledge Management (ICCAKM)},
  pages={157--160},
  year={2020},
  organization={IEEE}
}
@manual{openssl-eddsa,
  author       = {{OpenSSL Project}},
  title        = {{OpenSSL: Ed25519 and Ed448 Signatures}},
  url          = {https://docs.openssl.org/1.1.1/man7/Ed25519/}
}
@inproceedings{sumo,
  author    = {K. G. Lim and others},
  title     = {SUMO enhancement for vehicular ad hoc network (VANET) simulation},
  booktitle = {2017 IEEE 2nd International Conference on Automatic and Intelligent Systems (I2CACIS)},
  pages     = {86--91},
  year      = {2017},
  doi       = {},
  publisher = {IEEE}
}
@misc{openstreetmap,
  author    = {{OpenStreetMap}},
  url       = {https://www.openstreetmap.org/}, 
  note      = {Accessed: 2024-12-27},
}

@inproceedings{ravi,
  title={A secure message authentication scheme for VANET using ECDSA},
  author={Ravi, Kalkundri and Kulkarni, SA},
  booktitle={2013 fourth international conference on computing, communications and networking technologies (ICCCNT)},
  pages={1--6},
  year={2013},
  organization={IEEE}
}